@article{Akhmetzhanov2021,
    title = {{A hospital-related outbreak of SARS-CoV-2 associated with variant Epsilon (B.1.429) in Taiwan: transmission potential and outbreak containment under intensified contact tracing, January â€“ February 2021}},
    year = {2021},
    journal = {International Journal of Infectious Diseases},
    author = {Akhmetzhanov, Andrei R. and Jung, Sung-mok and Cheng, Hao-Yuan and Thompson, Robin N.},
    month = {9},
    pages = {15--20},
    volume = {110},
    publisher = {Elsevier},
    url = {https://doi.org/10.1016/j.ijid.2021.06.028},
    doi = {10.1016/j.ijid.2021.06.028},
    issn = {1201-9712},
    pmid = {34146689}
}

@article{Linton2021,
    title = {{Localized end-of-outbreak determination for coronavirus disease 2019 (COVID-19): examples from clusters in Japan}},
    year = {2021},
    journal = {International Journal of Infectious Diseases},
    author = {Linton, Natalie M. and Akhmetzhanov, Andrei R. and Nishiura, Hiroshi},
    month = {4},
    pages = {286--292},
    volume = {105},
    url = {https://linkinghub.elsevier.com/retrieve/pii/S1201971221001922},
    doi = {10.1016/j.ijid.2021.02.106},
    issn = {12019712}
}

@misc{Newman1999,
    title = {{Monte Carlo Methods in Statistical Physics}},
    year = {1999},
    booktitle = {Oxford University Press},
    author = {Newman, M. E. J. and Barkema, G. T.},
    url = {https://books.google.co.uk/books?hl=en&lr=&id=HgBREAAAQBAJ&oi=fnd&pg=PR9&ots=rutKcrnnBy&sig=OfPUoF1tyFNyv4O9Kb81m28yODA&redir_esc=y#v=onepage&q&f=false},
    isbn = {0198517971}
}

@article{Nishiura2016,
    title = {{Objective Determination of End of MERS Outbreak, South Korea, 2015}},
    year = {2016},
    journal = {Emerging Infectious Diseases},
    author = {Nishiura, Hiroshi and Miyamatsu, Yuichiro and Mizumoto, Kenji},
    number = {1},
    month = {1},
    pages = {146--148},
    volume = {22},
    url = {http://wwwnc.cdc.gov/eid/article/22/1/15-1383_article.htm},
    doi = {10.3201/eid2201.151383},
    issn = {1080-6040}
}

@article{Nishiura2020,
    title = {{Serial interval of novel coronavirus (COVID-19) infections}},
    year = {2020},
    journal = {International Journal of Infectious Diseases},
    author = {Nishiura, Hiroshi and Linton, Natalie M. and Akhmetzhanov, Andrei R.},
    month = {4},
    pages = {284--286},
    volume = {93},
    url = {https://linkinghub.elsevier.com/retrieve/pii/S1201971220301193},
    doi = {10.1016/j.ijid.2020.02.060},
    issn = {12019712}
}