@book{grimmett2020probability,
  title={Probability and Random Processes},
  edition={4},
  author={Grimmett, G. and Stirzaker, D.},
  isbn={9780192586865},
  url={https://books.google.co.uk/books?id=gfLuDwAAQBAJ},
  year={2020},
  publisher={OUP Oxford}
}